<?xml version="1.0" encoding="UTF-8"?><collection xmlns="http://www.loc.gov/MARC21/slim"><record><leader>00521nam--2200181-u-4500</leader><controlfield tag="001">000053398</controlfield><controlfield tag="002">20161230</controlfield><controlfield tag="005">20170105181300</controlfield><controlfield tag="008">110324s1000------------r-----000-0-eng-d</controlfield><datafield ind1=" " ind2=" " tag="020"><subfield code="a">9812791702</subfield></datafield><datafield ind1=" " ind2=" " tag="040"><subfield code="a">IFIN-HH</subfield></datafield><datafield ind1=" " ind2=" " tag="080"><subfield code="a">530.145:(538.9:537.8:631.5)</subfield></datafield><datafield ind1="1" ind2=" " tag="100"><subfield code="a">Hagen, Kleinert</subfield></datafield><datafield ind1="1" ind2="0" tag="245"><subfield code="a">Multivalued field in condensed matter, electromagnetism, and gravitation</subfield><subfield code="c">Kleinert Hagen</subfield></datafield><datafield ind1=" " ind2=" " tag="260"><subfield code="a">New Jersey</subfield><subfield code="b">World Scientific</subfield><subfield code="c">2008</subfield></datafield><datafield ind1=" " ind2=" " tag="300"><subfield code="a">497 p</subfield></datafield><datafield ind1=" " ind2=" " tag="852"><subfield code="a">82204</subfield><subfield code="c">530.1</subfield></datafield><datafield ind1=" " ind2=" " tag="CAT"><subfield code="a">SYS</subfield><subfield code="c">20170105</subfield><subfield code="h">181300</subfield></datafield></record></collection>